@article{Pedro,
  author          = {Pedro Andreo},
  journal         = {Radiation Oncology},
  number          = {121},
  title           = {Monte Carlo simulations in radiotherapy dosimetry},
  volume          = {13},
  year            = {2018},
  url             = {https://doi.org/10.1186/s13014-018-1065-3}
}
@online{IBM,
author = {IBM},
title = {¿Qué es la simulación Monte Carlo?},
year = {2023},
url = { https://www.ibm.com/mx-es/topics/monte-carlo-simulation},
urldate = {2024-05-25}
}
@book{Khans,
  author         = {Faiz M Khan and John P. Gibbons and Paul W. Sperduto},
  edition         = {4},
  publisher      = {Wolters Kluwer},
  title          = {Khan's Treatment Planning in Radiation Oncology},
  year           = {2016}
}